%----- ARTICLES -----%
% 01_article - 
@article{A01_Aguirre-Lopez_2023,
  author = {Aguirre-López, D. A. and López-Calvo, A. M. and López-Calvo, S. M. and Taborda-Ocampo, G.},
  title = {Compuestos orgánicos volátiles presentes en el aroma de 17 frutas exóticas en Colombia: revisión},
  journal = {Revista Colombiana de Investigaciones Agroindustriales},
  year = {2023},
  volume = {10},
  number = {2},
  pages = {117--142},
  doi = {10.23850/24220582.5208},
}

% 02_article -
@article{A02_Moreno2010,
  author    = {Angélica Moreno and David F. León and Germán A. Giraldo and Eunice Ríos},
  title     = {Análisis del perfil de compuestos volátiles del mango (Mangifera indica L. var. Tommy Atkins) tratado por métodos combinados},
  journal   = {Revista Colombiana de Química},
  year      = {2010},
  volume    = {39},
  number    = {1},
  pages     = {61--72},
  publisher = {Universidad Nacional de Colombia},
  address   = {Bogotá, Colombia},
  issn      = {0120-2804},
  url       = {http://www.redalyc.org/articulo.oa?id=309026683005}
}

% 03_article -
@article{A03_PanoFarias2017,
  author    = {Norma S. Pano-Farías and Silvia G. Ceballos-Magaña and Roberto Muñiz-Valencia and Jose M. Jurado and Ángela Alcázar and Ismael A. Aguayo-Villarreal},
  title     = {Direct immersion single drop micro-extraction method for multi-class pesticides analysis in mango using GC--MS},
  journal   = {Food Chemistry},
  year      = {2017},
  volume    = {237},
  pages     = {30--38},
  doi       = {10.1016/j.foodchem.2017.05.030},
  issn      = {0308-8146},
  publisher = {Elsevier Ltd.},
  keywords  = {Single drop micro-extraction, SDME, GC-MS, Pesticides, Mango, Fruits},
  url       = {https://doi.org/10.1016/j.foodchem.2017.05.030}
}

% 04_article -
@article{A04_GUO2023112779,
title = {Nutritive value of active volatile components of Anacardiaceae mango and their effects on carrier proteins function},
journal = {Food Research International},
volume = {168},
pages = {112779},
year = {2023},
issn = {0963-9969},
doi = {https://doi.org/10.1016/j.foodres.2023.112779},
url = {https://www.sciencedirect.com/science/article/pii/S0963996923003241},
author = {Ming Guo and Yanan Wu and Ying Zhang and Shengnan Hu and Yankun Jia and Xiping Luo},
keywords = {HS-SPME/GC–MS, Fluorescence spectrometry, Transport protein, Molecular docking, Dynamic simulation},
}

% 05_article -
@article{A05_Chin2019,
  author    = {Chin, C. F. and Teoh, E. Y. and Chee, M. J. Y. and others},
  title     = {Comparative Proteomic Analysis on Fruit Ripening Processes in Two Varieties of Tropical Mango (Mangifera indica)},
  journal   = {Protein Journal},
  year      = {2019},
  volume    = {38},
  pages     = {704--715},
  doi       = {10.1007/s10930-019-09868-x},
  url       = {https://doi.org/10.1007/s10930-019-09868-x},
  publisher = {Springer},
  issn      = {1573-4943}
}

% 06_article -
@article{A06_Badar2016,
author = {Badar, Hammad and Ariyawardana, Anoma and Collins, R.},
year = {2016},
month = {07},
pages = {439-446},
title = {Mango value preferences of consumers in Pakistan},
journal = {Acta Horticulturae},
doi = {10.17660/ActaHortic.2016.1120.68}
}

% 07_article -
@article{A07_Bonneau2016,
    author = {Bonneau, Adeline and Boulanger, Renaud and Lebrun, Marc and Maraval, Isabelle and Gunata, Ziya},
    title = {Aroma compounds in fresh and dried mango fruit (Mangifera indica L. cv. Kent): impact of drying on volatile composition},
    journal = {International Journal of Food Science and Technology},
    volume = {51},
    number = {3},
    pages = {789-800},
    year = {2016},
    month = {01},
    issn = {0950-5423},
    doi = {10.1111/ijfs.13038},
    url = {https://doi.org/10.1111/ijfs.13038},
    eprint = {https://academic.oup.com/ijfst/article-pdf/51/3/789/59497344/ijfs13038.pdf},
}

% 08_article -
@article{A08_Formighieri2014,
 ISSN = {00320935, 14322048},
 URL = {http://www.jstor.org/stable/43563767},
  author = {Cinzia Formighieri and Anastasios Melis},
 journal = {Planta},
 number = {2},
 pages = {309--324},
 publisher = {Springer},
 title = {Regulation of β-phellandrene synthase gene expression, recombinant protein accumulation, and monoterpene hydrocarbons production in Synechocystis transformants},
 urldate = {2025-10-28},
 volume = {240},
 year = {2014}
}

% 09_article -
@Article{A09_Barras2024,
AUTHOR = {Barras, Benedict J. and Ling, Taotao and Rivas, Fatima},
TITLE = {Recent Advances in Chemistry and Antioxidant/Anticancer Biology of Monoterpene and Meroterpenoid Natural Product},
JOURNAL = {Molecules},
VOLUME = {29},
YEAR = {2024},
NUMBER = {1},
ARTICLE-NUMBER = {279},
URL = {https://www.mdpi.com/1420-3049/29/1/279},
PubMedID = {38202861},
ISSN = {1420-3049}
}

% 10_article -
@article{A10_Singh2010,
title = {Differential expression of the mango alcohol dehydrogenase gene family during ripening},
journal = {Phytochemistry},
volume = {71},
number = {13},
pages = {1485-1494},
year = {2010},
issn = {0031-9422},
doi = {https://doi.org/10.1016/j.phytochem.2010.05.024},
url = {https://www.sciencedirect.com/science/article/pii/S0031942210002189},
author = {Rajesh K. Singh and Vidhu A. Sane and Aparna Misra and Sharique A. Ali and Pravendra Nath},
keywords = {, Alcohol dehydrogenase, Ripening, Ethylene, ABA, Fruit}
}

% 11_article -
@article{A11_Sivankalyani2017,
  author    = {Velu Sivankalyani and Itay Maoz and Oleg Feygenberg and Dalia Maurer and Noam Alkan},
  title     = {Chilling Stress Upregulates $\alpha$-Linolenic Acid–Oxidation Pathway and Induces Volatiles of C6 and C9 Aldehydes in Mango Fruit},
  journal   = {Journal of Agricultural and Food Chemistry},
  year      = {2017},
  volume    = {65},
  number    = {3},
  pages     = {632--638},
  doi       = {10.1021/acs.jafc.6b04355},
  url       = {https://doi.org/10.1021/acs.jafc.6b04355},
  publisher = {American Chemical Society},
  issn      = {0021-8561}
}

% 12_article -
@article{A12_Lemos2008,
title = {Bioreduction of aromatic aldehydes and ketones by fruits’ barks of Passiflora edulis},
journal = {Journal of Molecular Catalysis B: Enzymatic},
volume = {54},
number = {3},
pages = {130-133},
year = {2008},
issn = {1381-1177},
doi = {https://doi.org/10.1016/j.molcatb.2007.12.008},
url = {https://www.sciencedirect.com/science/article/pii/S1381117707002822},
author = {Luciana L. Machado and Francisco Jose Q. Monte and Maria da Conceição F. {de Oliveira} and Marcos C. {de Mattos} and Telma L.G. Lemos and Vicente Gotor-Fernández and Gonzalo {de Gonzalo} and Vicente Gotor}
}

% 13_article -
@article{A13_ElHadi2013,
  author    = {El Hadi, M. A. M. and Zhang, F. J. and Wu, F. F. and Zhou, C. H. and Tao, J.},
  title     = {Advances in Fruit Aroma Volatile Research},
  journal   = {Molecules},
  year      = {2013},
  volume    = {18},
  number    = {7},
  pages     = {8200--8229},
  doi       = {10.3390/molecules18078200},
  url       = {https://doi.org/10.3390/molecules18078200},
  issn      = {1420-3049},
  pmid      = {23852166},
  pmcid     = {PMC6270112},
  publisher = {MDPI}
}

% 14_article -
@article{A14_Silva2021,
  author    = {R. Silva and others},
  title     = {Microbial Biosynthesis of Lactones: Gaps and Commercial Opportunities},
  journal   = {Applied Sciences},
  year      = {2021},
  volume    = {11},
  number    = {18},
  pages     = {8500},
  doi       = {10.3390/app11188500},
  url       = {https://doi.org/10.3390/app11188500},
  keywords  = {lactones, aroma compounds, fruit volatiles, γ-lactone, fatty acid derivates}
}

% 15_article -
@article{A15_Xie2023,
  author    = {H. Xie and L. Meng and Y. Guo and J. Chen and X. Sun and L. Wang and Y. Zhang and Y. Luo},
  title     = {Effects of Volatile Flavour Compound Variations on the Varying Aroma of Mangoes 'Tainong' and 'Hongyu' during Storage},
  journal   = {Molecules},
  year      = {2023},
  volume    = {28},
  number    = {9},
  pages     = {3693},
  doi       = {10.3390/molecules28093693},
  url       = {https://doi.org/10.3390/molecules28093693},
  publisher = {MDPI},
  note      = {Published 25 April 2023}
}

% 16_article -
@article{A16_Tandel2023,
  author    = {Jinal Tandel and Yatin Tandel and Chintan Kapadia and Susheel Singh and Kelvin Gandhi and Rahul Datta and Sachidanand Singh and Abraham Yirgu},
  title     = {Nontargeted Metabolite Profiling of the Most Prominent Indian Mango (\textit{Mangifera indica} L.) Cultivars Using Different Extraction Methods},
  journal   = {ACS Omega},
  year      = {2023},
  volume    = {8},
  number    = {43},
  pages     = {40184--40205},
  doi       = {10.1021/acsomega.3c03670},
  url       = {https://doi.org/10.1021/acsomega.3c03670},
  publisher = {American Chemical Society},
  note      = {Published 31 October 2023}
}


%----- SLIDES -----%
% 01_slides - 



%----- BOOKS -----%
% 01_book - Terpenes and Terpenoids
@book{B01_TerpenesTerpenoids_2018,
  editor    = {Shagufta Perveen and Areej Al-Taweel},
  title     = {Terpenes and Terpenoids},
  year      = {2018},
  publisher = {IntechOpen},
  address   = {London, United Kingdom},
  doi       = {10.5772/intechopen.71175},
  isbn      = {9781789847772, 9781789847765, 9781838815295},
  url       = {https://mts.intechopen.com/storage/books/6530/authors_book/authors_book.pdf},
  note      = {Open access publication. DOI link: \url{https://doi.org/10.5772/intechopen.71175}},
  keywords  = {terpenes, terpenoids, biosynthesis, biological activity, isoprenoids}
}



%----- WEBSITES -----%
% 01_website -



%----- THE GROUP MEMBERS REFERENCES -----%
